@book{1,
	author = {Fuzhen Zhang},
	title = {{L}inear {A}lgebra : {C}hallenging {P}roblems for {S}tudents},
	journal = {{M}athematics {F}aculty {B}ooks and {B}ook {C}hapters},
	year = {2009},
	volume = {},
	pages = {},
	number = {4},
	month = {January},
	publisher = {{J}ohns {H}opkins {U}niversity {P}ress}
}


@book{2,
    author={Golan,Jonathan S.},
    year={2012},
    title={The {L}inear {A}lgebra {A} {B}eginning {G}raduate {S}tudent {O}ught to {K}now},
    publisher={Springer},
    address={Dordrecht},
    edition={3rd},
    keywords={Algebras, Linear},
    isbn={9789400726352;940072635X;},
    language={English},
}



@MISC {3,
    TITLE = {Proof of Rank Property: ${ XAY={\begin{bmatrix}I_{r} & 0\\0 & 0\\\end{bmatrix}}}$},
    AUTHOR = {amd (\url{https://math.stackexchange.com/users/265466/amd)}},
    HOWPUBLISHED = {Mathematics Stack Exchange},
    NOTE = {\url{https://math.stackexchange.com/q/3352606 (version: 2019-09-11)}},
    EPRINT = {\url{https://math.stackexchange.com/q/3352606}},
    URL = {\url{https://math.stackexchange.com/q/3352606}}
}


@MISC {4,
    TITLE = {Prove that $\text{rank}(AB)\geq \text{rank}(A)+\text{rank}(B)-n$},
    AUTHOR = {Sugata Adhya (\url{https://math.stackexchange.com/users/36242/sugata-adhya)}},
    HOWPUBLISHED = {Mathematics Stack Exchange},
    NOTE = {\url{https://math.stackexchange.com/q/269548} (version: 2013-01-03)},
    EPRINT = {\url{https://math.stackexchange.com/q/269548}},
    URL = {\url{https://math.stackexchange.com/q/269548}}
}


@article{5,
    author={Piziak,R. and Odell,P. L.},
    year={1999},
    title={Full Rank Factorization of Matrices},
    journal={Mathematics Magazine},
    volume={72},
    number={3},
    pages={193-201},
    abstract={An integrated theoretical development of and setting for understanding a number of topics in linear algebra is offered. Piziak and Odell note what can be obtained from full rank factorizations.},
    keywords={Eigenvalues; Matrices; Mathematical vectors; Mathematical theorems; Factorization; Linear algebra; Usage; Factorization of operators; Analysis; Functions, Orthogonal; Methods; Linear programming; Matrix; Algebra},
    isbn={0025-570X},
    language={English},
}


@MISC {6,
    TITLE = {Frobenius Inequality},
    AUTHOR = {David (\url{https://math.stackexchange.com/users/117084/david)}},
    HOWPUBLISHED = {Mathematics Stack Exchange},
    NOTE = {\url{https://math.stackexchange.com/q/2668713} (version: 2019-12-18)},
    EPRINT = {\url{https://math.stackexchange.com/q/2668713}},
    URL = {\url{https://math.stackexchange.com/q/2668713}}
}


@MISC {7,
    TITLE = {Full rank factorization},
    AUTHOR = {Wolfy (\url{https://math.stackexchange.com/users/217910/wolfy)}},
    HOWPUBLISHED = {Mathematics Stack Exchange},
    NOTE = {\url{https://math.stackexchange.com/q/1784831} (version: 2016-05-14)},
    EPRINT = {\url{https://math.stackexchange.com/q/1784831}},
    URL = {\url{https://math.stackexchange.com/q/1784831}}
}


@book{8,
    author = {Axler,Sheldon},
    year = {2015},
    title = {Linear Algebra Done Right},
    publisher = {Springer International Publishing},
    address = {Cham},
    edition = {3rd 2015.},
    keywords = {Mathematics; Matrix theory; Linear and Multilinear Algebras, Matrix Theory},
    isbn = {3319110799;9783319110806;9783319110790;3319110802;},
    language = {English},
}

@MISC {9,
    TITLE = {$\dim \ker ({T}\circ {S}) \ge \dim \ker {T}$.},
    AUTHOR = {ajotatxe (\url{https://math.stackexchange.com/users/132456/ajotatxe})},
    HOWPUBLISHED = {Mathematics Stack Exchange},
    NOTE = {\url{https://math.stackexchange.com/q/3303571} (version: 2019-07-25)},
    EPRINT = {https://math.stackexchange.com/q/3303571},
    URL = {https://math.stackexchange.com/q/3303571}
}

@book{10,
    author={Goodman,Roe and Wallach,Nolan R.},
    year={2009},
    title={Symmetry, Representations, and Invariants},
    publisher={Springer},
    address={New York; Dordrecht [Netherlands];},
    volume={255},
    keywords={Algebra; Symmetry (Mathematics); Invariants; Representations of groups; Lie groups},
    isbn={9780387798516;038779851X;},
    language={English},
    chapter={1.4.2},
    page={37},
}

@MISC{11,
    TITLE = {If ${\rm {k}er} (f) \subset {\rm {k}er} (g)$, where $f,g$ are non-zero linear functionals, show that $f = cg$ for some $c\in {F}$.},
    AUTHOR = {Kavi Rama Murthy (\url{https://math.stackexchange.com/users/142385})},
    HOWPUBLISHED = {Mathematics Stack Exchange},
    NOTE = {\url{https://math.stackexchange.com/q/3050282} (version: 2018-12-24)},
    EPRINT = {https://math.stackexchange.com/q/3050282},
    URL = {https://math.stackexchange.com/q/3050282}
}

@book{12,
    author={Goodman,Roe and Wallach,Nolan R.},
    year={2009},
    title={Symmetry, Representations, and Invariants},
    publisher={Springer},
    address={New York;Dordrecht [Netherlands];},
    volume={255},
    keywords={Algebra; Symmetry (Mathematics); Invariants; Representations of groups; Lie groups},
    isbn={9780387798516;038779851X;},
    language={English},
    page={214},
    chapter={7.1.3}
}

@MISC {13,
    TITLE = {Show that ${Y}'$ is isometrically isomorphic with ${X}'/{Y}^\perp$},
    AUTHOR = {martini (\url{https://math.stackexchange.com/users/15379/martini})},
    HOWPUBLISHED = {Mathematics Stack Exchange},
    NOTE = {\url{https://math.stackexchange.com/q/244841} (version: 2012-11-26)},
    EPRINT = {https://math.stackexchange.com/q/244841},
    URL = {https://math.stackexchange.com/q/244841}
}

@MISC {14,
    TITLE = {Course {N}otes for {F}unctional {A}nalysis {I}, {M}ath 655-601, {F}all 2011},
    AUTHOR = {Thomas Schlumprecht (\url{https://www.math.tamu.edu/~schlump/})},
    HOWPUBLISHED = {},
    NOTE = {\url{https://www.math.tamu.edu/~schlump/course_notes_math655_0c11.pdf} (version: 2018-10-25)},
    EPRINT = {},
    URL = {https://www.math.tamu.edu/~schlump/course_notes_math655_0c11.pdf}
}

@book{15,
    author={Bronson,Richard},
    year={1991},
    title={Matrix {M}ethods: {A}n {I}ntroduction},
    publisher={Academic Press},
    address={Boston},
    edition={2nd},
    keywords={Matrices},
    isbn={012135251X;9780121352516;},
    language={English},
}

@MISC {16,
    TITLE = {Is this true that $\mathrm{tr}({ABC})=\mathrm{tr}({ACB})$?},
    AUTHOR = {Michael Hardy (\url{https://math.stackexchange.com/users/11667/michael-hardy})},
    HOWPUBLISHED = {Mathematics Stack Exchange},
    NOTE = {\url{https://math.stackexchange.com/q/1563689} (version: 2018-05-11)},
    EPRINT = {https://math.stackexchange.com/q/1563689},
    URL = {https://math.stackexchange.com/q/1563689}
}

@MISC {17,
    TITLE = {If ${AB} = {BA}$ for all ${B}$, prove that ${A} = {kI}$.},
    AUTHOR = {Seirios (\url{https://math.stackexchange.com/users/36434/seirios})},
    HOWPUBLISHED = {Mathematics Stack Exchange},
    NOTE = {\url{https://math.stackexchange.com/q/380175} (version: 2013-05-03)},
    EPRINT = {https://math.stackexchange.com/q/380175},
    URL = {https://math.stackexchange.com/q/380175}
}

@book{18, 
    author={Lax,Peter D.},
    year={2007},
    title={Linear {A}lgebra and its {A}pplications},
    publisher={Wiley-Interscience},
    address={Hoboken, N.J},
    edition={2nd},
    keywords={Algebras, Linear},
    isbn={9780471751564;0471751561;},
    language={English},
}

@book{19,
    author={Artin,Michael},
    year={2018},
    title={Algebra},
    publisher={Pearson},
    address={New York, New York},
    edition={Second [2018 reissue].},
    keywords={Algebra},
    isbn={9780134689609;0134689607;},
    language={English},
    page={35}
}

@article{20,
    author = "Albert, A. A. and Muckenhoupt, Benjamin",
    doi = "10.1307/mmj/1028990168",
    fjournal = "The Michigan Mathematical Journal",
    journal = "Michigan Math. J.",
    number = "1",
    pages = "1--3",
    publisher = "University of Michigan, Department of Mathematics",
    title = "On {M}atrices of {T}race {Z}eros.",
    url = "https://doi.org/10.1307/mmj/1028990168",
    volume = "4",
    year = "1957"
}

@MISC {21,
    TITLE = {Why are real symmetric matrices diagonalizable?},
    AUTHOR = {Ittay Weiss (\url{https://math.stackexchange.com/users/30953/ittay-weiss})},
    HOWPUBLISHED = {Mathematics Stack Exchange},
    NOTE = {\url{https://math.stackexchange.com/q/482629} (version: 2013-09-03)},
    EPRINT = {https://math.stackexchange.com/q/482629},
    URL = {https://math.stackexchange.com/q/482629}
}

@MISC {22,
    TITLE = {Show ${A}$ is diagonalizable.},
    AUTHOR = {msm (\url{https://math.stackexchange.com/users/350875/msm})},
    HOWPUBLISHED = {Mathematics Stack Exchange},
    NOTE = {\url{https://math.stackexchange.com/q/1887923} (version: 2017-04-13)},
    EPRINT = {https://math.stackexchange.com/q/1887923},
    URL = {https://math.stackexchange.com/q/1887923}
}

@MISC {23,
    TITLE = {A linear operator commuting with all such operators is a scalar multiple of the identity.},
    AUTHOR = {Robert Israel (\url{https://math.stackexchange.com/users/8508/robert-israel})},
    HOWPUBLISHED = {Mathematics Stack Exchange},
    NOTE = {\url{https://math.stackexchange.com/q/27832} (version: 2011-03-18)},
    EPRINT = {https://math.stackexchange.com/q/27832},
    URL = {https://math.stackexchange.com/q/27832}
}
