@MISC {1,
    TITLE = {Is a linear transformation with non-empty kernel and image intersection necessarily nilpotent?},
    AUTHOR = {Hasek (\url{https://math.stackexchange.com/users/395670/hasek})},
    HOWPUBLISHED = {Mathematics Stack Exchange},
    NOTE = {\url{https://math.stackexchange.com/q/3254242} (version: 2019-06-07)},
    EPRINT = {\url{https://math.stackexchange.com/q/3254242}},
    URL = {\url{https://math.stackexchange.com/q/3254242}}
}

@MISC {2,
    TITLE = {Is a linear transformation with non-empty kernel and image intersection necessarily nilpotent?},
    AUTHOR = {Maxime Ramzi (\url{https://math.stackexchange.com/users/408637/maxime-ramzi})},
    HOWPUBLISHED = {Mathematics Stack Exchange},
    NOTE = {\url{https://math.stackexchange.com/q/3254251 }(version: 2019-06-07)},
    EPRINT = {\url{https://math.stackexchange.com/q/3254251}},
    URL = {\url{https://math.stackexchange.com/q/3254251}}
}

@MISC {3,
    TITLE = {Why are all nonzero eigenvalues of the skew-symmetric real matrices pure imaginary?},
    AUTHOR = {Arturo Magidin (\url{https://math.stackexchange.com/users/742/arturo-magidin})},
    HOWPUBLISHED = {Mathematics Stack Exchange},
    NOTE = {\url{https://math.stackexchange.com/q/57106} (version: 2011-08-12)},
    EPRINT = {\url{https://math.stackexchange.com/q/57106}},
    URL = {\url{https://math.stackexchange.com/q/57106}}
}

@book{4,
  title={Linear Algebra},
  author={Hoffman, K. and Kunze, R.A.},
  isbn={9780135367971},
  lccn={75142120},
  series={Featured Titles for Linear Algebra (Advanced) Series},
  url={\url{https://books.google.com/books?id=Jk7MtwEACAAJ}},
  year={1971},
  publisher={Prentice-Hall}
}

@MISC {5,
    TITLE = {Proof that the trace of a matrix is the sum of its eigenvalues},
    AUTHOR = {vadim123 (\url{https://math.stackexchange.com/users/73324/vadim123})},
    HOWPUBLISHED = {Mathematics Stack Exchange},
    NOTE = {\url{https://math.stackexchange.com/q/546158} (version: 2013-10-30)},
    EPRINT = {\url{https://math.stackexchange.com/q/546158}},
    URL = {\url{https://math.stackexchange.com/q/546158}}
}

@MISC {6,
    TITLE = {Diagonal Blocks of Diagonalizable Matrix are Diagonalizable},
    AUTHOR = {Julien (\url{https://math.stackexchange.com/users/38053/julien})},
    HOWPUBLISHED = {Mathematics Stack Exchange},
    NOTE = {\url{https://math.stackexchange.com/q/350031} (version: 2013-04-03)},
    EPRINT = {\url{https://math.stackexchange.com/q/350031}},
    URL = {\url{https://math.stackexchange.com/q/350031}}
}